@book{aether,
author = {Jonathan Barnes},
title = {The Cambridge companion to Aristotle},
publisher = {Cambridge University Press},
year = {1995}
}

@book{element,
author = {Richard Boyle},
title = {The Sceptical Chymist},
publisher = {London},
year = {1661}
}

@book{hali,
author = {Haliday and Resnick and Walker},
title = {Fundamentals of Physics},
publisher = {Wiley and sons},
year = {2004}
}

@book{claire,
author = {C. M. Tarbet},
title = {Coherent $\pi^{0}$ photoprodution on nuclei},
publisher = {University of Edinburgh},
year = {2007}
}

@article{babrown,
author = {B. A. Brown},
title = {Neutron Radii in Nuclei and the Neutron Equation of State},
journal = {Phys. Rev. Lett 85 25},
year = {2000}
}

@article{trzcina,
author = {A. Trzcinska},
title = {Antiprotonic atoms as a tool to study the nuclear periphery},
journal = {A. Phys. Pol. B. 41},
year = {2010}
}

@article{fattoyev,
author = {F. J. Fattoyev and et al.},
title = {Pure Neytron Matter Constraints on the Relativistic Mean-Field and Skyrme-Hartree-Fock Models},
journal = {arXiv:1205.0857v1},
year = {2012}
}

@article{warda,
author = {M. Warda and et al.},
title = {Nuclear symmetry energy and neutron skin thickness},
journal = {A. Phys. Pol. B. 43.209},
year = {2012}
}

@article{furnstahl,
author = {R. J. Furnstahl},
title = {Neutron Radii in Nuclei in mean-field models},
journal = {Nuc. Phys. A 706},
pages = {85-110},
year = {2002}
}

@article{anthony,
author = {I. Anthony},
title = {Design of a tagged photon spectrometer for use with the Mainz 840MeV microtron},
journal = {Nuc. Inst. Meth A 301},
pages = {230-240},
year = {1991}
}

@article{prex,
author = {S. Abrahamyan and et al.},
title = {Measurement of the Neutron Radius of $^{208}$Pb through Parity Violation in Electron Scattering},
journal = {Phys. Rev. Lett. 108},
pages = {112502},
year = {2012}
}

@article{devires,
author = {H. de Vires and et al.},
journal = {At. Nuc. Dat. Nuc. Dat. Tab. 60},
pages = {177-285},
year = {1995}
}

@article{roca,
author = {X. Roca-Maza and M. Centelles and X. Vinas and M. Warda},
journal = {Phys. Rev. Lett. 106},
pages = {252501},
year = {2011}
}

@article{carr,
author = {J. Carriere and et al.},
journal = {Astrophys. J. 593},
pages = {463-471},
year = {2003}
}

@article{brown,
author = {A. Brown and et al.},
journal = {Phys. Rev. C79},
pages = {035501},
year = {2009}
}

@article{amsler,
author = {C. Amsler and et al.},
journal = {Phys. Lett. B 667},
pages = {1},
year = {2008}
}

@article{dehn,
author = {M. Dehn and et al.},
journal = {Eur. Phys. J. Special Topics 198},
pages = {19�47},
year = {2011}
}

@article{piek,
author = {J. Piekarewicz and S. Pieper},
journal = {Nucl. Phys. A 778},
pages = {10},
year = {2006}
}

@article{marcu,
author = {M. Unverzagt},
journal = {Nucl.Phys.Proc.Suppl. 198},
pages = {174-181},
year = {2010}
}

@article{sjhall,
author = {S.J. Hall and G.J. Miller and R. Beck and P. Jennewein},
journal = {Nucl. Instrum. Methods A 368},
pages = {698},
year = {1996}
}

@article{mcgeorge,
author = {J C. McGeorge, J. D. Kellie, et al.},
journal = {Eur. Phys. J. A, 37},
pages = {129-137},
year = {2008}
}

@article{oreglia,
author = {M. Oreglia et al.},
journal = {Phys. Rev. D. 25},
pages = {9},
year = {1982}
}

@article{starostin,
author = {A.  Starostin et al.},
journal = {Phys.Rev.C 64},
pages = {55-205},
year = {2001}
}

@article{audit,
author = {Audit et al.},
journal = {Nuc. Inst. Meth. A301},
pages = {473-481},
year = {1991}
}

@phdthesis{jalbert,
author = {J. Albert},
title =  {Test  Measurements  for  the  Crystal  Ball  Detector  at  MAMI, PhD thesis},
year = {2003}
}

@article{novotny,
author = {R. Novotny},
journal = {IEEE Trans. Nucl. Sci. 38},
pages = {2},
year = {1991}
}

@book{jude,
author = {T. Jude},
title = {PhD thesis},
publisher = {University of Edinburgh},
year = {2010}
}

@article{centelles,
author = {M. Centelles et al.},
journal = {Phys Rev Let. 102},
pages = {122-502},
year = {2009}
}

@book{liewen,
author = {Lie-Wen Chen et al.},
title = {Proceedings of the 13th National Conference on Nuclear Structure in China},
pages = {15-20},
year = {2011}
}

@book{dwatts,
author = {D. Watts},
title = {Calorimetry with the Crystal Ball and TAPS. Calorimetry in Particle Physics, Proceedings of the Eleventh International Conference, Perugia},
year = {2004}
}

@book{marc,
author = {M. Unverzagt},
publisher = {University of Mainz},
title = {Diploma thesis},
year = {2004}
}

@book{roebig,
author = {M. E. Roebig},
title = {Diploma thesis},
publisher = {Universitaet Giessen},
year = {1991}
}

@book{lemmer,
author = {B. Lemmer},
title = {Diploma thesis},
publisher = {Universitaet, Giessen},
year = {2007}
}

@book{gessler,
author = {T. Gesslerr},
title = {Bachelor thesis},
publisher = {Universitaet, Giessen},
year = {2008}
}


@phdthesis{krambrich,
author = {D. Krambrich},
title = {University of Mainz, PhD thesis},
school = {},
year = {},
}

@article{gbruan,
author = {G. Bruan et al.},
title = {Tdc chip and readout driver developments for compass and lhc experiments},
journal = {arXiv:hep-ex},
year = {1998}
}

@article{lschmitt,
author = {L. Schmitt},
journal = {IEEE Trans.Nucl.Sci.},
pages = {51:438-444},
year = {2004}
}

@article{duncan,
author = {D. Middleton},
journal = {Mainz a2 tagger calibrations a2 internal report.},
year = {2011}
}

@book{john,
author = {J. R. M. Annand},
title = {Data Analysis within an AcquRoot Framework. nuclear.gla.ac.uk/~acqusys/doc/AcquRoot.11.08.pd},
year = {2008}
}

@misc{root,
author = {R. Brun},
title = {Root manual root.cern.ch},
year = {2015}
}

@book{knoll,
author = {G.F. Knoll},
title = {Radiation Detection and Measurement},
publisher = {John Wiley and Sons},
year = {}
}

@misc{a2mami,
author = {A2 MAMI website},
title = {http://wwwa2.kph.uni-mainz.de},
year = {2015}
}

@misc{Proposal,
title = {Proposal for an experiment: �Neutron skin evolution in isotopes of Tin and Calcium from coherent pion photoproduction�},
year = {2009}
}

